@article{siri-experience,
    author  = "Jerome R. Bellegarda",
    title   = "Largeâ€“Scale Personal Assistant Technology Deployment: the Siri Experience",
    year    = "2013",
    journal = "ISCA"
}
